@Book{hill2006,
 author = "Linda L. Hill",
 title = "Georeferencing: The Geographic Associations of Information",
 publisher = "MIT Press",
 year = "2006",
 address = "Cambridge, Massachusetts"
}

@Misc{website:conll2002,
 author = "CoNNL-2002 Shared Task",
 title = "Language-Independent Named Entity Recognition",
 month = "May",
 year = "2005",
 url = "http://www.clips.uantwerpen.be/conll2002/ner/",
}

@InBook{nadeau2009,
author = "David Nadeau and Satoshi Sekine",
editor = "Satoshi Sekine and Elisabete Ranchhod",
title = "Named Entities",
chapter = "A survey of named entity recognition and classification",
publisher = "John Benjamins Publishing Company",
year = "2009",
OPTaddress = "Amsterdam"
}
